@article{ad_inject, title={Ad Injection at Scale: Assessing Deceptive Advertisement Modifications}, DOI={10.1109/sp.2015.17}, journal={2015 IEEE Symposium on Security and Privacy}, author={Thomas, Kurt and Bursztein, Elie and Grier, Chris and Ho, Grant and Jagpal, Nav and Kapravelos, Alexandros and Mccoy, Damon and Nappa, Antonio and Paxson, Vern and Pearce, Paul and et al.}, year={2015}}
        
@misc{lenovo_superfish, title={product_security superfish}, url={https://support.lenovo.com/us/en/product_security/superfish}, journal={product_security superfish}}

@misc{superfish_wiki, title={Superfish}, url={https://en.wikipedia.org/wiki/Superfish}, journal={Wikipedia}, publisher={Wikimedia Foundation}, year={2017}, month={Feb}}